@article{Moscoso:2021xog,
    author = "Moscoso, Joseph and de Souza, Rafael S. and Coc, Alain and Iliadis, Christian",
    title = "{Bayesian Estimation of the D(p,\ensuremath{\gamma})$^{3}$He Thermonuclear Reaction Rate}",
    eprint = "2109.00049",
    archivePrefix = "arXiv",
    primaryClass = "astro-ph.CO",
    doi = "10.3847/1538-4357/ac1db0",
    journal = "Astrophys. J.",
    volume = "923",
    number = "1",
    pages = "49",
    year = "2021"
}
@article{Marcucci:2005zc,
    author = "Marcucci, L. E. and Viviani, M. and Schiavilla, R. and Kievsky, A. and Rosati, S.",
    title = "{Electromagnetic structure of A=2 and 3 nuclei and the nuclear current operator}",
    eprint = "nucl-th/0502048",
    archivePrefix = "arXiv",
    reportNumber = "JLAB-THY-05-300",
    doi = "10.1103/PhysRevC.72.014001",
    journal = "Phys. Rev. C",
    volume = "72",
    pages = "014001",
    year = "2005"
}
@article{deSouza:2019pmr,
    author = "de Souza, Rafael S. and Boston, S. Reece and Coc, Alain and Iliadis, Christian",
    title = "{Thermonuclear fusion rates for tritium + deuterium using Bayesian methods}",
    eprint = "1901.04857",
    archivePrefix = "arXiv",
    primaryClass = "nucl-th",
    doi = "10.1103/PhysRevC.99.014619",
    journal = "Phys. Rev. C",
    volume = "99",
    number = "1",
    pages = "014619",
    year = "2019"
}
@article{Odell:2021tqd,
    author = "Odell, Daniel and Brune, Carl R. and Phillips, Daniel R.",
    title = "{How Bayesian methods can improve R-matrix analyses of data: The example of the dt reaction}",
    eprint = "2105.06541",
    archivePrefix = "arXiv",
    primaryClass = "nucl-th",
    doi = "10.1103/PhysRevC.105.014625",
    journal = "Phys. Rev. C",
    volume = "105",
    number = "1",
    pages = "014625",
    year = "2022"
}